@online{abb2017,
author = {{ABB AB}},
title = {{https://new.abb.com/}},
year = {site accessed -- 11 December 2018},
}

@book{salvendy2012handbook,
  title={Handbook of Human Factors and Ergonomics},
  editor={Salvendy, G.},
  ISBN ={9781118129081},
  lccn={2011045254},
  year={2012},
  publisher={Wiley}
}


@book{salvendy1994design,
  title={Design of Work and Development of Personnel in Advanced Manufacturing},
  author={Gavriel Salvendy and Waldemar Karwowski},
  isbn={9780471594475},
  lccn={lc92035908},
  series={Wiley-Interscience publication},
  year={1994},
  publisher={Wiley}
}

