@article{ref1,
author = {Parsons, H. McIlvaine},
 isbn = {0376-6349},
issn = {03766349},
journal = {Journal of Occupational Accidents},
number = {1-2},
pages = {25--47},
title = {{Human factors in industrial robot safety}},
volume = {8},
year = {1986}
}


@article{ref2,
author = {Eberts, Ray and Salvendy, Gavriel},
journal = {Journal of Occupational Accidents},
pages = {49--67},
title = {{The contribution of cognitive engineering to the safe design and operation of cam and robotics}},
volume = {8},
year = {1986}
}


@article{ref3,
author = {Eberts, Ray and Salvendy, Gavriel},
journal = {Journal of Occupational Accidents},
pages = {49--67},
title = {{The contribution of cognitive engineering to the safe design and operation of cam and robotics}},
volume = {8},
year = {1986}
}
